% Encoding: UTF-8

@article{PaulMilgram,
	author = {Paul Milgram et al.},
	title = {Augmented reality: a class of displays on the reality-virtuality continuum},
	journal = {Proceedings of SPIE},
	year = {1995},
	month= {Dec},
	volume={2351},
	pages={282–292},
}

@online{onlineAR,
author="Geschichte Der Augmented Reality",
url="http://media2mult.uni-osnabrueck.de/pmwiki/fields/wp13/index.php?n=AR.GeschichteDerAugmentedReality",
note = "Abgerufen am: 17.11.2018"
}

@article{TomDavid,
author="T.P., Claudell
and D.W., Mizell",
title="Augmented reality: an application of heads-up display technology to manual manufacturing processes",
journal="IEEE",
year="2002",
month="Aug",
day="6",
}

@article{Meier2017,
author=" Pascal Meier et al.",
title="Digitale Transformation multifunktionaler Dorfl{\"a}den durch User-Centered Design",
journal="HMD Praxis der Wirtschaftsinformatik",
year="2017",
month="Oct",
volume="54",
number="5",
pages="672--686",
}

@Article{Stein2017,
author=" Alina Stein et al.",
title="Spielerisch lockt der Einzelhandel den Kunden -- Einfluss von Belohnungen auf die Kanalwahl",
journal="HMD Praxis der Wirtschaftsinformatik",
year="2017",
month="Oct",
volume="54",
number="5",
pages="700--712",
}

@Article{Ebert2017,
author=" Nico Ebert et al.",
title="Integration Platform as a Service",
journal="Business {\&} Information Systems Engineering",
year="2017",
month="Oct",
volume="59",
number="5",
pages="375--379",
}

@Article{Kakar2017,
author="Kakar, Adarsh Kumar",
title="Do Reflexive Software Development Teams Perform Better?",
journal="Business {\&} Information Systems Engineering",
year="2017",
month="Oct",
volume="59",
number="5",
pages="347--359",
}


@online{VHBJ,
  author = {VHB-JOURQUAL},
  url  = {http://vhbonline.org/vhb4you/jourqual/vhb-jourqual-3/teilrating-wi/},
  note   = {Abgerufen am 16.11.2018},
}

@online{HMD,
 author = {HMD Praxis der Wirtschaftsinformatik},
  url  = {https://www.springer.com/computer/journal/40702},
  note   = {Abgerufen am 16.11.2018},
}

@online{BISE,
 author= {Business {\&}Information Systems Engineering},
  url  = {https://link.springer.com/journal/12599},
  note   = {Abgerufen am 16.11.2018},
}

@Article{Chasin2017,
  author  = {Friedrich Chasin et al.},
  title   = {Reasons for Failures of Sharing Economy Businesses},
  journal = {MISQE},
  year    = {2017},
  volume  = {17},
  number  = {3},
  pages   = {185-199},
  month   = {Sep},
}

@Article{Lacity2017,
  author  = {C. Lacity, Mary},
  title   = {Addressing Key Challenges to Making Enterprise Blockchain Applications a Reality},
  journal = {MISQE},
  year    = {2017},
  volume  = {17},
  number  = {3},
  pages   = {201-222},
  month   = {Sep},
}

@Article{Constantinides2018,
  author  = {Panos Constantinides et al.},
  title   = {Introduction - Platforms and Infrastructures in the Digital Age},
  journal = {Information Systems Research},
  year    = {2018},
  volume  = {29},
  number  = {2},
  pages   = {381-400},
  month   = {May},
}

@Article{Karhu2018,
  author  = {Kimmo Karhu et al.},
  title   = {Exploiting and Defending Open Digital Platforms with Boundary Resources: Android’s Five Platform Forks},
  journal = {Information Systems Research},
  year    = {2018},
  volume  = {29},
  number  = {2},
  pages   = {479-497},
  month   = {May},
}

@Online{MISQE,
  author = {MISQE},
  note  = {Abgerufen am: 19.11.2018},
  url   = {https://aisel.aisnet.org/misqe/}
}

@Online{ISR,
  author= {ISR},
  note  = {Abgerufen am: 19.11.2018},
  url   = {https://www.informs.org/Publications/INFORMS-Journals/Information-Systems-Research}
}

@online{online1,
	author = "Stellenangebot",
	url = "https://www.absolventa.de/stellenangebote/289852-p-junior-it-consultant-m-w-business-intelligence",
	note = "Abgerufen am: 12.11.2018"
}

@online{online2,
	author= "Icons",
	url = "https://pixabay.com/de/users/IO-Images-1096650/",
	note = "Abgerufen am: 12.11.2018"
}

@online{online3,
	author = "Medizinbild",
	url = "https://pixabay.com/de/augmented-reality-medizinische-3d-1957411/",
	note = "Abgerufen am: 12.11.2018"
}

@online{online4,
	author= "Würfelbild",
	url = "https://pixabay.com/de/hologramm-hand-leuchten-3d-wuerfel-1506020/",
	note = "Abgerufen am: 12.11.2018"
}

@online{online5,
	author = "Autoholobild",
	url = "https://pixabay.com/de/auto-dreidimensionale-fahrzeug-form-3075471/",
	note = "Abgerufen am: 12.11.2018"
}

@Comment{jabref-meta: databaseType:bibtex;}
